
@book{cousteauLivingSeaJacquesYves1963,
  title = {The {{Living Sea}}: By {{Jacques-Yves Cousteau}}},
  author = {Cousteau, Jacques and Dugan, James},
  date = {1963},
  publisher = {{Hamish Hamilton}},
  location = {{London}},
  abstract = {In The Living Sea Jacques Yves Cousteau describes the rich and exciting progress made in exploring life under water by the numerous scientific expeditions which he has been directing since, in his earlier book, The Silent World, he wrote this classic account of man's first experience on the continent below the sea.},
  pagetotal = {212}
}

@software{pollardTemplateWritingPhd2016,
  title = {Template {{For Writing A Phd Thesis In Markdown}}},
  author = {Pollard, Tom and Reimer, Marvin and San, David and Mul, Arco and Thomas, Matthew Gwynfryn and Nowosad, Jakub and Weissmann, Dennis and W. Caleb McDaniel},
  date = {2016-07-22},
  doi = {10.5281/ZENODO.58490},
  url = {https://zenodo.org/record/58490},
  urldate = {2022-07-17},
  abstract = {Template for writing a PhD thesis in Markdown, a super-friendly plain text format. Using Pandoc, the Markdown can be easily converted to popular formats such as LATEX, PDF, MS Word, HTML, etc.},
  organization = {{Zenodo}},
  keywords = {Markdown,PhD,Template,Thesis}
}

@online{salmeronRiformaProcedimentoAmministrativo,
  title = {Riforma Del Procedimento Amministrativo in {{Spagna}}: La {{Legge}} 4/1999, Del 13 Gennaio, Di Modifica Della {{Legge}} 30/1992, Del 26 Novembre, de {{Régimen Jurídico}} de Las {{Administraciones Públicas}} y Del {{Procedimiento Administrativo Común}}},
  author = {Salmerón, Manuel Fernández and Seira, César Cierco},
  url = {https://digilander.libero.it/bhilex/studi/artprammsez_I_II1.htm?utm_source=pocket_mylist},
  urldate = {2022-10-08},
  organization = {{Origini del Procedimento Amministrativo Spagnolo e la Legge di Riforma}}
}


